@book{aima,
  title={Artificial intelligence},
  author={Russell, Stuart J and Norvig, Peter and others},
  year={2003},
  publisher={Prentice Hall/Pearson Education,}
}

@article{sosic91,
  title={Fast search algorithms for the n-queens problem},
  author={Sosic, Rok and Gu, Jun},
  journal={IEEE Transactions on Systems, Man, and Cybernetics},
  volume={21},
  number={6},
  pages={1572--1576},
  year={1991},
  publisher={IEEE}
}

@article{backtracking,
  title={Efficient search techniques - an empirical study of the N-Queens problem},
  author={Stone, Harold S and Stone, Janice M},
  journal={IBM Journal of Research and Development},
  volume={31},
  number={4},
  pages={464--474},
  year={1987},
  publisher={IBM}
}

@article{sosic90,
 author = {Sosic, Rok and Gu, Jun},
 title = {A Polynomial Time Algorithm for the N-Queens Problem},
 journal = {SIGART Bull.},
 issue_date = {Oct. 1990},
 volume = {1},
 number = {3},
 month = oct,
 year = {1990},
 issn = {0163-5719},
 pages = {7--11},
 numpages = {5},
 url = {http://doi.acm.org/10.1145/101340.101343},
 doi = {10.1145/101340.101343},
 acmid = {101343},
 publisher = {ACM},
 address = {New York, NY, USA}
}

@incollection{agarwal12,
  title={A novel hybrid approach to N-queen problem},
  author={Agarwal, Kavishi and Sinha, Akshita and Bindu, M Hima},
  booktitle={Advances in Computer Science, Engineering \& Applications},
  pages={519--527},
  year={2012},
  publisher={Springer}
}

@inproceedings{hu03,
  title={Swarm intelligence for permutation optimization: a case study of n-queens problem},
  author={Hu, Xiaohui and Eberhart, Russell C and Shi, Yuhui},
  booktitle={Swarm intelligence symposium, 2003. SIS'03. Proceedings of the 2003 IEEE},
  pages={243--246},
  year={2003},
  organization={IEEE}
}

@article{engel07,
title = "A group-based search for solutions of the n-queens problem",
journal = "Discrete Mathematics",
volume = "307",
number = "21",
pages = "2535 - 2551",
year = "2007",
issn = "0012-365X",
doi = "https://doi.org/10.1016/j.disc.2007.01.007",
url = "http://www.sciencedirect.com/science/article/pii/S0012365X07000386",
author = "Matthias R. Engelhardt",
keywords = "-Queens problem, Finite group action, Complete enumeration, Backtracking algorithm"
}

@article{trivial,
  title={Explicit solutions to the N-queens problem for all N},
  author={Bernhardsson, Bo},
  journal={ACM SIGART Bulletin},
  volume={2},
  number={2},
  pages={7},
  year={1991},
  publisher={ACM}
}